@article{Colander-et-al/2008,
	Author = {Colander, David and Howitt, Peter and Kirman, Alan and Leijonhufvud, Axel and Mehrling, Perry},
	Title = {Beyond {DSGE} Models: Toward an Empirically Based Macroeconomics},
	Journal = {American Economic Review},
	Volume = {98},
	Number = {2},
	Year = {2008},
	Pages = {236-40},
	DOI = {10.1257/aer.98.2.236},
	URL = {http://www.aeaweb.org/articles.php?doi=10.1257/aer.98.2.236}}
@article{Bonatti-Rantakari/2016,
	Author = {Bonatti, Alessandro and Rantakari, Heikki},
	Title = {The Politics of Compromise},
	Journal = {American Economic Review},
	Volume = {106},
	Number = {2},
	Year = {2016},
	Pages = {229-59},
	DOI = {10.1257/aer.20140316},
	URL = {http://www.aeaweb.org/articles.php?doi=10.1257/aer.20140316}}
